@misc{samra2015comparing,
  title={Comparing performance of plain php and four of its popular frameworks},
  author={Samra, Jone},
  year={2015}
}